
@article{duran1956,
	title = {El fitoplancton de la ria de {Vigo}, de abril de 1954 a junio de 1955},
	url = {http://digital.csic.es/handle/10261/87369},
	language = {Spanish},
	journal = {Invest. Pesq.},
	author = {Duran, Miguel and Saiz, Fernando and Lopez-Benito, Manuel and Margalef, Ramon and {others}},
	year = {1956}
}

@article{margalef1955,
	title = {El fitoplancton de la ria de {Vigo} de enero de 1953 a marzo de 1954},
	url = {http://digital.csic.es/handle/10261/87372},
	language = {Spanish},
	journal = {Invest. Pesq.},
	author = {Margalef, Ramon and Duran, Miguel and Saiz, Fernando and {others}},
	year = {1955}
}

@article{margalef1956,
	title = {Estructura y dinamica de la purga de mar en la {Ria} de {Vigo}},
	volume = {5},
	url = {http://www.icm.csic.es/scimar/index.php/secId/6/IdArt/1474/},
	language = {Spanish},
	journal = {Inv. Pesq},
	author = {Margalef, Ramon},
	year = {1956},
	pages = {113--134}
}

@article{nogueira2005,
	title = {The microplankton succession in the {Ria} de {Vigo} revisited: species assemblages and the role of weather-induced, hydrodynamic variability},
	volume = {54},
	language = {English},
	number = {1},
	journal = {Journal of Marine Systems},
	author = {Nogueira, E and Figueiras, FG},
	year = {2005},
	pages = {139--155}
}